@book{tüfekciler2011human,
  title={Human Resources - Business Process Outsourcing: },
  author={T{\"u}fekciler, T.},
  isbn={9783640835928},
  url={http://books.google.de/books?id=hybc4niAeJIC},
  year={2011},
  publisher={Bod Third Party Titles}
}

@book{mauchle2012business,
  title={Business Process Outsourcing und Transaktionsbank: das Angebot von Business Process Outsourcing-Dienstleistungen im Wertschriftenbereich mit oder ohne Bank-/Effektenh{\"a}ndlerlizenz unter Ber{\"u}cksichtigung der Schweiz},
  author={Mauchle, S.},
  isbn={9783258077390},
  lccn={2012422621},
  series={Bank- und finanzwirtschaftliche Forschungen},
  url={http://books.google.de/books?id=CHFz6rnzrwwC},
  year={2012},
  publisher={Haupt Verlag AG}
}

@book{halvey2007business,
  title={Business Process Outsourcing: Process, Strategies, and Contracts},
  author={Halvey, J.K. and Melby, B.M.},
  isbn={9780470126936},
  series={Wiley Desktop Editions},
  url={http://books.google.de/books?id=omN75-LfgcQC},
  year={2007},
  publisher={Wiley}
}
